@article{dhar2013data,
	title={Data science and prediction},
	author={Dhar, Vasant},
	journal={Communications of the ACM},
	volume={56},
	number={12},
	pages={64--73},
	year={2013},
	publisher={ACM}
}

@article{aide2013real,
	title={Real-time bioacoustics monitoring and automated species identification},
	author={Aide, T Mitchell and Corrada-Bravo, Carlos and Campos-Cerqueira, Marconi and Milan, Carlos and Vega, Giovany and Alvarez, Rafael},
	journal={PeerJ},
	volume={1},
	pages={e103},
	year={2013},
	publisher={PeerJ Inc.}
}

@inproceedings{stathopoulos2014bat,
	title={Bat call identification with gaussian process multinomial probit regression and a dynamic time warping kernel},
	author={Stathopoulos, Vassilios and Zamora-Gutierrez, Veronica and Jones, Kate and Girolami, Mark},
	booktitle={Artificial Intelligence and Statistics},
	pages={913--921},
	year={2014}
}

@article{rydell2017testing,
	title={Testing the performances of automated identification of bat echolocation calls: A request for prudence},
	author={Rydell, Jens and Nyman, Stefan and Ekl{\"o}f, Johan and Jones, Gareth and Russo, Danilo},
	journal={Ecological Indicators},
	volume={78},
	pages={416--420},
	year={2017},
	publisher={Elsevier}
}

@article{stathopoulos2017bat,
	title={Bat echolocation call identification for biodiversity monitoring: a probabilistic approach},
	author={Stathopoulos, Vassilios and Zamora-Gutierrez, Veronica and Jones, Kate E and Girolami, Mark},
	journal={Journal of the Royal Statistical Society: Series C (Applied Statistics)},
	year={2017},
	publisher={Wiley Online Library}
}

@article{walters2012continental,
	title={A continental-scale tool for acoustic identification of European bats},
	author={Walters, Charlotte L and Freeman, Robin and Collen, Alanna and Dietz, Christian and Brock Fenton, M and Jones, Gareth and Obrist, Martin K and Puechmaille, S{\'e}bastien J and Sattler, Thomas and Siemers, Bj{\"o}rn M and others},
	journal={Journal of Applied Ecology},
	volume={49},
	number={5},
	pages={1064--1074},
	year={2012},
	publisher={Wiley Online Library}
}

@article{pettorelli2013indicator,
	title={Indicator Bats Program: a system for the global acoustic monitoring of bats},
	author={Pettorelli, Nathalie and Baillie, Jonathan EM and Durant, Sarah M},
	year={2013}
}

@article{briggs2012acoustic,
	title={Acoustic classification of multiple simultaneous bird species: A multi-instance multi-label approach},
	author={Briggs, Forrest and Lakshminarayanan, Balaji and Neal, Lawrence and Fern, Xiaoli Z and Raich, Raviv and Hadley, Sarah JK and Hadley, Adam S and Betts, Matthew G},
	journal={The Journal of the Acoustical Society of America},
	volume={131},
	number={6},
	pages={4640--4650},
	year={2012},
	publisher={ASA}
}

@article{chesmore2004automated,
	title={Automated bioacoustic identification of species},
	author={Chesmore, David},
	journal={Anais da Academia Brasileira de Ci{\^e}ncias},
	volume={76},
	number={2},
	pages={436--440},
	year={2004},
	publisher={SciELO Brasil}
}

@article{kullenberg2016citizen,
	title={What is citizen science?--A scientometric meta-analysis},
	author={Kullenberg, Christopher and Kasperowski, Dick},
	journal={PloS one},
	volume={11},
	number={1},
	pages={e0147152},
	year={2016},
	publisher={Public Library of Science}
}

@incollection{allen2006citizen,
	title={Citizen Science as a Tool for Biodiversity Monitoring},
	author={Allen, Paul E and Cooper, Caren B},
	year={2006}
}

@article{simmons2005order,
	title={Order chiroptera},
	author={Simmons, Nancy B},
	journal={Mammal species of the world: a taxonomic and geographic reference},
	volume={1},
	pages={312--529},
	year={2005}
}

@article{jones2009carpe,
	title={Carpe noctem: the importance of bats as bioindicators},
	author={Jones, Gareth and Jacobs, David S and Kunz, Thomas H and Willig, Michael R and Racey, Paul A},
	journal={Endangered species research},
	volume={8},
	number={1-2},
	pages={93--115},
	year={2009}
}

@article{moreno2007shortcuts,
	title={Shortcuts for biodiversity evaluation: a review of terminology and recommendations for the use of target groups, bioindicators and surrogates},
	author={Moreno, Claudia E and S{\'a}nchez-Rojas, Gerardo and Pineda, Eduardo and Escobar, Federico},
	journal={International Journal of Environment and Health},
	volume={1},
	number={1},
	pages={71--86},
	year={2007},
	publisher={Inderscience Publishers}
}

@article{griffin1944echolocation,
	title={Echolocation by blind men, bats and radar},
	author={Griffin, Donald R},
	journal={Science},
	volume={100},
	number={2609},
	pages={589--590},
	year={1944},
	publisher={American Association for the Advancement of Science}
}

@article{kunz1994bats,
	title={Bats of the world: an introduction},
	author={Kunz, TH and Pierson, ED},
	journal={Walkerâ€™s Bats of the World},
	pages={1--46},
	year={1994},
	publisher={Johns Hopkins University Press}
}

@article{corso1963bone,
	title={Bone-conduction thresholds for sonic and ultrasonic frequencies},
	author={Corso, John F},
	journal={The Journal of the Acoustical Society of America},
	volume={35},
	number={11},
	pages={1738--1743},
	year={1963},
	publisher={ASA}
}

@phdthesis{collen2012evolution,
	title={The evolution of echolocation in bats: a comparative approach},
	author={Collen, AL},
	year={2012},
	school={UCL (University College London)}
}

@article{maltby20104,
	title={.4-Understanding the evolutionary origin and diversification of bat echolocation calls},
	author={Maltby, Alanna and Jones, Kate E and Jones, Gareth},
	journal={Handbook of Behavioral Neuroscience},
	volume={19},
	pages={37--47},
	year={2010},
	publisher={Elsevier}
}

@article{jones2006evolution,
	title={The evolution of echolocation in bats},
	author={Jones, Gareth and Teeling, Emma C},
	journal={Trends in Ecology \& Evolution},
	volume={21},
	number={3},
	pages={149--156},
	year={2006},
	publisher={Elsevier}
}

@article{joy2016ancestral,
	title={Ancestral reconstruction},
	author={Joy, Jeffrey B and Liang, Richard H and McCloskey, Rosemary M and Nguyen, T and Poon, Art FY},
	journal={PLoS Comput Biol},
	volume={12},
	number={7},
	pages={e1004763},
	year={2016},
	publisher={Public Library of Science}
}

@article{jones2005echolocation,
	title={Echolocation},
	author={Jones, Gareth},
	journal={Current Biology},
	volume={15},
	number={13},
	pages={R484--R488},
	year={2005},
	publisher={Elsevier}
}

@book{thomas2004echolocation,
	title={Echolocation in bats and dolphins},
	author={Thomas, Jeanette A},
	year={2004},
	publisher={University of Chicago Press}
}

@article{aldridge1987morphology,
	title={Morphology, echolocation and resource partitioning in insectivorous bats},
	author={Aldridge, HDJN and Rautenbach, IL},
	journal={The Journal of Animal Ecology},
	pages={763--778},
	year={1987},
	publisher={JSTOR}
}

@article{fenton1995signal,
	title={Signal strength, timing, and self-deafening: the evolution of echolocation in bats},
	author={Fenton, MB and Audet, D and Obrist, Martin K and Rydell, J},
	journal={Paleobiology},
	volume={21},
	number={02},
	pages={229--242},
	year={1995},
	publisher={Cambridge Univ Press}
}

@article{neuweiler1990auditory,
	title={Auditory adaptations for prey capture in echolocating bats},
	author={Neuweiler, G},
	journal={Physiological reviews},
	volume={70},
	number={3},
	pages={615--641},
	year={1990},
	publisher={Am Physiological Soc}
}

@article{schnitzler2001echolocation,
	title={Echolocation by Insect-Eating Bats: We define four distinct functional groups of bats and find differences in signal structure that correlate with the typical echolocation tasks faced by each group},
	author={Schnitzler, Hans-Ulrich and Kalko, Elisabeth KV},
	journal={Bioscience},
	volume={51},
	number={7},
	pages={557--569},
	year={2001},
	publisher={BioOne}
}

@article{schnitzler2004evolution,
	title={Evolution of echolocation and foraging behavior in bats},
	author={Schnitzler, HU and Kalko, EKV and Denzinger, A},
	journal={Echolocation in bats and dolphins},
	pages={331--339},
	year={2004},
	publisher={University of Chicago Press Chicago, IL}
}

@article{fitch1971toward,
	title={Toward defining the course of evolution: minimum change for a specific tree topology},
	author={Fitch, Walter M},
	journal={Systematic Biology},
	volume={20},
	number={4},
	pages={406--416},
	year={1971},
	publisher={Oxford University Press}
}

@article{pupko2000fast,
	title={A fast algorithm for joint reconstruction of ancestral amino acid sequences},
	author={Pupko, Tal and Pe, Itsik and Shamir, Ron and Graur, Dan},
	journal={Molecular Biology and Evolution},
	volume={17},
	number={6},
	pages={890--896},
	year={2000},
	publisher={SMBE}
}

@article{pagel2004bayesian,
	title={Bayesian estimation of ancestral character states on phylogenies},
	author={Pagel, Mark and Meade, Andrew and Barker, Daniel},
	journal={Systematic biology},
	volume={53},
	number={5},
	pages={673--684},
	year={2004},
	publisher={Oxford University Press}
}

@article{rasmussen2006gaussian,
	title={Gaussian processes for machine learning},
	author={Rasmussen, Carl Edward},
	year={2006},
	publisher={Citeseer}
}

@article{jones2013evolutionary,
	title={Evolutionary inference for function-valued traits: Gaussian process regression on phylogenies},
	author={Jones, Nick S and Moriarty, John},
	journal={Journal of The Royal Society Interface},
	volume={10},
	number={78},
	pages={20120616},
	year={2013},
	publisher={The Royal Society}
}

@article{uhlenbeck1930theory,
	title={On the theory of the Brownian motion},
	author={Uhlenbeck, George E and Ornstein, Leonard S},
	journal={Physical review},
	volume={36},
	number={5},
	pages={823},
	year={1930},
	publisher={APS}
}

@book{ramsay2006functional,
	title={Functional data analysis},
	author={Ramsay, James O},
	year={2006},
	publisher={Wiley Online Library}
}

@article{medellin2sanchez,
	title={O. S{\'a}nchez H. 2008. Identificaci{\'o}n de los murci{\'e}lagos de M{\'e}xico. Claves de campo},
	author={Medell{\'\i}n, RA and Arita, HT},
	journal={Revista Mexicana de Mastozoolog{\'\i}a},
	volume={2},
	pages={1--83}
}

@misc{ceballos2005mamiferos,
	title={Los mam{\'\i}feros silvestres de M{\'e}xico. Comisi{\'o}n Nacional para el Conocimiento y Uso de la Biodiversidad},
	author={Ceballos, Gerardo and Oliva, G},
	year={2005},
	publisher={Fondo de Cultura Econ{\'o}mica, M{\'e}xico, DF}
}

@article{meyer2005up,
	title={Up hill, down dale: quantitative genetics of curvaceous traits},
	author={Meyer, Karin and Kirkpatrick, Mark},
	journal={Philosophical Transactions of the Royal Society of London B: Biological Sciences},
	volume={360},
	number={1459},
	pages={1443--1455},
	year={2005},
	publisher={The Royal Society}
}

@article{group2012phylogenetic,
	title={Phylogenetic inference for function-valued traits: speech sound evolution},
	author={Group, The Functional Phylogenies},
	journal={Trends in ecology \& evolution},
	volume={27},
	number={3},
	pages={160--166},
	year={2012},
	publisher={Elsevier}
}

@article{hansen1997stabilizing,
	title={Stabilizing selection and the comparative analysis of adaptation},
	author={Hansen, Thomas F},
	journal={Evolution},
	pages={1341--1351},
	year={1997},
	publisher={JSTOR}
}

@article{hadjipantelis2013function,
	title={Function-valued traits in evolution},
	author={Hadjipantelis, Pantelis Z and Jones, Nick S and Moriarty, John and Springate, David A and Knight, Christopher G},
	journal={Journal of The Royal Society Interface},
	volume={10},
	number={82},
	pages={20121032},
	year={2013},
	publisher={The Royal Society}
}

@article{pigoli2015analysis,
	title={The analysis of Acoustic Phonetic Data: exploring differences in the spoken Romance languages},
	author={Pigoli, Davide and Hadjipantelis, Pantelis Z and Coleman, John S and Aston, John AD},
	journal={arXiv preprint arXiv:1507.07587},
	year={2015}
}

@book{stoica1997introduction,
	title={Introduction to spectral analysis},
	author={Stoica, Petre and Moses, Randolph L},
	volume={1},
	year={1997},
	publisher={Prentice hall Upper Saddle River}
}

@book{antoniou2006digital,
	title={Digital signal processing},
	author={Antoniou, Andreas},
	year={2006},
	publisher={McGraw-Hill Toronto, Canada:}
}

@article{blaschke2004cubica,
	title={CuBICA: Independent component analysis by simultaneous third-and fourth-order cumulant diagonalization},
	author={Blaschke, Tobias and Wiskott, Laurenz},
	journal={IEEE Transactions on Signal Processing},
	volume={52},
	number={5},
	pages={1250--1256},
	year={2004},
	publisher={IEEE}
}

@inproceedings{damoulas2010bayesian,
	title={Bayesian classification of flight calls with a novel dynamic time warping kernel},
	author={Damoulas, Theodoros and Henry, Samuel and Farnsworth, Andrew and Lanzone, Michael and Gomes, Carla},
	booktitle={Machine Learning and Applications (ICMLA), 2010 Ninth International Conference on},
	pages={424--429},
	year={2010},
	organization={IEEE}
}

@book{felsenstein2004inferring,
	title={Inferring phylogenies},
	author={Felsenstein, Joseph and Felenstein, Joseph},
	volume={2},
	year={2004},
	publisher={Sinauer associates Sunderland}
}

@article{martins1994estimating,
	title={Estimating the rate of phenotypic evolution from comparative data},
	author={Martins, Emilia P},
	journal={The American Naturalist},
	volume={144},
	number={2},
	pages={193--209},
	year={1994},
	publisher={University of Chicago Press}
}

@article{lande1976natural,
	title={Natural selection and random genetic drift in phenotypic evolution},
	author={Lande, Russell},
	journal={Evolution},
	pages={314--334},
	year={1976},
	publisher={JSTOR}
}

@Manual{citeR,
	title = {R: A Language and Environment for Statistical Computing},
	author = {{R Core Team}},
	organization = {R Foundation for Statistical Computing},
	address = {Vienna, Austria},
	year = {2017},
	url = {https://www.R-project.org/},
}

@book{friedman2001elements,
	title={The elements of statistical learning},
	author={Friedman, Jerome and Hastie, Trevor and Tibshirani, Robert},
	volume={1},
	year={2001},
	publisher={Springer series in statistics Springer, Berlin}
}

@inproceedings{berndt1994using,
	title={Using dynamic time warping to find patterns in time series.},
	author={Berndt, Donald J and Clifford, James},
	booktitle={KDD workshop},
	volume={10},
	number={16},
	pages={359--370},
	year={1994},
	organization={Seattle, WA}
}

@article{garcia2010robust,
  title={Robust smoothing of gridded data in one and higher dimensions with missing values},
  author={Garcia, Damien},
  journal={Computational statistics \& data analysis},
  volume={54},
  number={4},
  pages={1167--1178},
  year={2010},
  publisher={Elsevier}
}

@article{garcia2011fast,
  title={A fast all-in-one method for automated post-processing of PIV data},
  author={Garcia, Damien},
  journal={Experiments in fluids},
  volume={50},
  number={5},
  pages={1247--1259},
  year={2011},
  publisher={Springer}
}

@article{tang2008pairwise,
  title={Pairwise curve synchronization for functional data},
  author={Tang, Rong and M{\"u}ller, Hans-Georg},
  journal={Biometrika},
  volume={95},
  number={4},
  pages={875--889},
  year={2008},
  publisher={Oxford University Press}
}

@article{zhu2007real,
  title={Real-time signal estimation from modified short-time Fourier transform magnitude spectra},
  author={Zhu, Xinglei and Beauregard, Gerald T and Wyse, Lonce L},
  journal={IEEE Transactions on Audio, Speech, and Language Processing},
  volume={15},
  number={5},
  pages={1645--1653},
  year={2007},
  publisher={IEEE}
}